<record><leader>00000cas a22000007a 4500</leader><controlfield tag="001">12483467</controlfield><controlfield tag="008">850903d18711876mouwr ne      0    0eng d</controlfield><datafield ind1=" " ind2=" " tag="010"><subfield code="a">sn 85034118 </subfield></datafield><datafield ind1=" " ind2=" " tag="040"><subfield code="a">NPU</subfield><subfield code="b">eng</subfield><subfield code="c">NPU</subfield><subfield code="d">NPX</subfield><subfield code="d">MQN</subfield><subfield code="d">MGN</subfield><subfield code="d">OCLCQ</subfield></datafield><datafield ind1=" " ind2=" " tag="042"><subfield code="a">msc</subfield></datafield><datafield ind1="0" ind2=" " tag="130"><subfield code="a">Springfield weekly advertiser (Springfield, Mo.)</subfield></datafield><datafield ind1="1" ind2="0" tag="245"><subfield code="a">Springfield weekly advertiser.</subfield></datafield><datafield ind1="3" ind2="0" tag="246"><subfield code="a">Springfield advertiser</subfield></datafield><datafield ind1=" " ind2=" " tag="260"><subfield code="a">Springfield, Mo. :</subfield><subfield code="b">Wm. J. Teed &amp; Co.,</subfield><subfield code="c">-1876.</subfield></datafield><datafield ind1=" " ind2=" " tag="300"><subfield code="a">v. ;</subfield><subfield code="c">71 cm.</subfield></datafield><datafield ind1=" " ind2=" " tag="310"><subfield code="a">Weekly</subfield></datafield><datafield ind1="1" ind2=" " tag="362"><subfield code="a">Began in 1871.</subfield></datafield><datafield ind1="0" ind2=" " tag="362"><subfield code="a">-v. 6, no. 11 (Oct. 4, 1876).</subfield></datafield><datafield ind1=" " ind2=" " tag="500"><subfield code="a">Published as: Springfield advertiser, &lt;Dec. 23, 1874&gt;.</subfield></datafield><datafield ind1=" " ind2=" " tag="588"><subfield code="a">Description based on: Vol. 2, no. 39 (Apr. 16, 1873).</subfield></datafield><datafield ind1=" " ind2=" " tag="752"><subfield code="a">United States</subfield><subfield code="b">Missouri</subfield><subfield code="c">Greene</subfield><subfield code="d">Springfield.</subfield></datafield><datafield ind1="0" ind2="0" tag="780"><subfield code="t">Weekly Springfield advertiser</subfield><subfield code="w">(DLC)sn 87052254</subfield></datafield><datafield ind1="0" ind2="7" tag="785"><subfield code="t">Missouri weekly patriot (Springfield, Mo.)</subfield><subfield code="w">(DLC)sn 85034130</subfield></datafield><datafield ind1="0" ind2="7" tag="785"><subfield code="t">Springfield patriot-advertiser</subfield><subfield code="w">(DLC)sn 90061655</subfield></datafield><datafield ind1="1" ind2=" " tag="029"><subfield code="a">AU@</subfield><subfield code="b">000023466980</subfield></datafield></record>